@ARTICLE{mgen,
  author  = {McBride, Conor and Nakov, Georgi and Nordvall Forsberg, Fredrik},
  title   = {Measuring with confidence: leveraging expressive type systems for correct-by-construction software},
  journal = {Acta {IMEKO}},
  year    = {2023},
  pages   = {1-5},
  volume  = {12},
  number  = {1},
  doi     = {10.21014/actaimeko.v12i1.1412},
}

@INCOLLECTION{dimTypes,
  author    = {McBride, Conor and Nordvall Forsberg, Fredrik},
  title     = {Type systems for programs respecting dimensions},
  booktitle = {Advanced Mathematical and Computational Tools in Metrology and Testing {XII}},
  editor    = {Pavese, Franco and Forbes Alistair and Zhang, Nien-Fan and Chunovkina, Anna},
  publisher = {World Scientific},
  series    = {Advances in Mathematics for Applied Sciences},
  volume    = {90},
  pages     = {331--345},
  year      = {2022},
  doi       = {10.1142/9789811242380_0020},
}

@inproceedings{hack,
  author       = {Andrew Kennedy},
  editor       = {Sam Lindley and Brent A. Yorgey},
  title        = {Driving types into {PHP} (invited talk)},
  booktitle    = {Proceedings of the 2nd {ACM} {SIGPLAN} International Workshop on Type-Driven Development, TyDe@ICFP 2017, Oxford, UK, September 3, 2017},
  pages        = {1},
  publisher    = {{ACM}},
  year         = {2017},
  doi          = {10.1145/3122975.3127322},
}
