@ARTICLE{mgen,
  author  = {McBride, Conor and Nakov, Georgi and Nordvall Forsberg, Fredrik},
  title   = {Measuring with confidence: leveraging expressive type systems for correct-by-construction software},
  journal = {Acta {IMEKO}},
  year    = {2023},
  pages   = {1-5},
  volume  = {12},
  number  = {1},
  doi     = {10.21014/actaimeko.v12i1.1412},
}

@INCOLLECTION{dimTypes,
  author    = {McBride, Conor and Nordvall Forsberg, Fredrik},
  title     = {Type systems for programs respecting dimensions},
  booktitle = {{AMCTM XII}},
  FULLbooktitle = {Advanced Mathematical and Computational Tools in Metrology and Testing {XII}},
  editor    = {Pavese, Franco and Forbes Alistair and Zhang, Nien-Fan and Chunovkina, Anna},
  publisher = {World Scientific},
  OPTseries    = {Advances in Mathematics for Applied Sciences},
  OPTvolume    = {90},
  pages     = {331--345},
  year      = {2022},
  doi       = {10.1142/9789811242380_0020},
}

@inproceedings{hack,
  author       = {Andrew Kennedy},
  editor       = {Sam Lindley and Brent A. Yorgey},
  title        = {Driving types into {PHP} (invited talk)},
  FULLbooktitle    = {Proceedings of the 2nd {ACM} {SIGPLAN} International Workshop on Type-Driven Development, TyDe@ICFP 2017, Oxford, UK, September 3, 2017},
  booktitle    = {Type-Driven Development 2017},
  pages        = {1},
  publisher    = {{ACM}},
  year         = {2017},
  doi          = {10.1145/3122975.3127322},
}

@inproceedings{kennedyUOM,
  author       = {Andrew Kennedy},
  editor       = {Zolt{\'{a}}n Horv{\'{a}}th and Rinus Plasmeijer and Vikt{\'{o}}ria Zs{\'{o}}k},
  title        = {Types for Units-of-Measure: Theory and Practice},
  booktitle    = {Central European Functional Programming School ({CEFP} 2009), Revised Selected Lectures},
  series       = {Lecture Notes in Computer Science},
  volume       = {6299},
  pages        = {268--305},
  publisher    = {Springer},
  year         = {2009},
  doi          = {10.1007/978-3-642-17685-2\_8},
}

@Book{hart,
  author =    {George W. Hart},
  title =        {Multidimensional Analysis},
  publisher =    {Springer},
  year =         {1995},
  doi = {10.1007/978-1-4612-4208-6},
}

@article{Williams_2010,
doi = {10.1088/0026-1394/47/3/007},
year = {2010},
month = {mar},
publisher = {},
volume = {47},
number = {3},
pages = {167},
author = {J M Williams and T J B M Janssen and G Rietveld and E Houtzager},
title = {An automated cryogenic current comparator resistance ratio bridge for routine resistance measurements},
journal = {Metrologia}
}
